@inproceedings{belkin2002using,
  title={Using manifold stucture for partially labeled classification},
  author={Belkin, Mikhail and Niyogi, Partha},
  booktitle={Advances in neural information processing systems},
  pages={929--936},
  year={2002}
}

@article{guide2013,
  title={Guide de surveillance biologique
basée sur les macroinvertebres benthiques
d’eau douce du Québec},
  author={Moisan, Julie and Pelletier, Lyne },
  journal={Centre d’information du ministère du Développement durable,
de l’Environnement, de la Faune et des Parcs},
  pages={89},
  year={2013},
  publisher={Gouvernement du Quebec}
}

@article{protocole2011,
  title={Protocole d’échantillonnage
des macroinvertébrés benthiques
d’eau douce du Québec},
  author={Moisan, Julie and Pelletier, Lyne },
  journal={Centre d’information du ministère du Développement durable,
de l’Environnement, de la Faune et des Parcs},
  pages={41},
  year={2011},
  publisher={Gouvernement du Quebec}
}



@manual{ponds2017,
  title={Ponds and small lakes, microorganisms and freshwater ecology},
  author={Moss, Brian},
  journal={Naturalist's Handook 32},
  pages={126-157},
  year={2017},
  publisher={Pelagic publiching}
}

@article{coifman2005geometric,
  title={Geometric diffusions as a tool for harmonic analysis and structure definition of data: Diffusion maps},
  author={Coifman, Ronald R and Lafon, Stephane and Lee, Ann B and Maggioni, Mauro and Nadler, Boaz and Warner, Frederick and Zucker, Steven W},
  journal={Proceedings of the National Academy of Sciences of the United States of America},
  volume={102},
  number={21},
  pages={7426--7431},
  year={2005},
  publisher={National Acad Sciences}
}